@article{Blaizot2012,
        author = "Jean-Paul Blaizot and Francois Gelis and Jinfeng Liao and Larry McLerran, and Raju Venugopalan",
        title = "Bose-Einstein condensation and thermalization of the quark-gluon plasma",
        journal = "Nucl. Phys. A",
        volume = "873",
        year = "2012",
        pages = "68--80",
        url =  "http://dx.doi.org/10.1016/j.nuclphysa.2011.10.005"
}

@article{Blaizot2016,
        author = "Jean-Paul Blaizot and Jinfeng Liao and Yacine Mehtar-Tani",
        title = "The subtle interplay of elastic and inelastic collisions in the thermalization of the quark-gluon plasma",
        journal = "Nucl. Phys. A",
        volume = "956",
        year = "2016",
        pages = "561--564",
        url =  "https://arxiv.org/pdf/1601.00308.pdf"
}

@article{Wolschin2018,
        author = "Georg Wolschin",
        title = "Equilibration in finite Bose systems",
        journal = "Physica",
        volume = "A499",
        year = "2018",
        pages = "1--10",
        url =  "https://arxiv.org/pdf/1712.02659.pdf"
}

@article{Wolschin2020_1,
    author = "Wolschin, Georg",
    title = "{Local Thermalization of Gluons in a Nonlinear Model}",
    doi = "10.33581/1561-4085-2020-23-1-72-78",
    journal = "Nonlin. Phenom. Complex Syst.",
    volume = "23",
    number = "1",
    pages = "72--78",
    year = "2020"
}

@article{Wolschin2020_2,
    author = "Wolschin, Georg",
    title = "{Aspects of relativistic heavy-ion collisions}",
    eprint = "2005.00237",
    archivePrefix = "arXiv",
    primaryClass = "hep-ph",
    doi = "10.3390/universe6050061",
    journal = "Universe",
    volume = "6",
    number = "5",
    pages = "61",
    year = "2020"
}

@article{Mueller1999,
    author = "Mueller, Alfred H.",
    title = "{The Boltzmann equation for gluons at early times after a heavy ion collision}",
    eprint = "hep-ph/9909388",
    archivePrefix = "arXiv",
    reportNumber = "CU-TP-950",
    doi = "10.1016/S0370-2693(00)00084-8",
    journal = "Phys. Lett. B",
    volume = "475",
    pages = "220--224",
    year = "2000"
}